1800 3034
175 69 206 120 6
637 77 1170 120 BREVIARIVM

182 220 421 289 trajicit,
477 221 571 287 qui
608 222 840 271 omnium
881 219 1093 272 Galliae
1123 224 1358 272 amnium
1403 216 1650 300 difficilli-

186 305 304 338 mus
322 290 562 337 transitu
595 287 683 358 eft.
1155 297 1158 301 ’
1620 292 1625 298 ’

319 387 403 440 32.
473 379 653 441 Scipio
675 413 689 434 ,
753 370 1070 448 defiyerans,
1113 371 1182 451 se
1227 376 1402 494 hostes
1438 390 1651 429 tantum

188 442 523 517 praegreffos
556 441 965 516 adsequuturum
1004 446 1101 496 Cn.
1116 444 1282 517 fratr
1314 465 1363 495 m
1398 465 1511 495 cum
1543 466 1654 495 ma-

180 513 334 560 xima
372 515 648 575 copiarum
683 523 844 576 parte
878 515 931 561 in
967 508 1298 588 Hispaniam
1345 515 1519 564 mittit
1557 514 1656 562 ad-

187 576 372 648 versus
397 574 829 650 IIasdrubalem,
876 590 929 628 et
962 599 1078 628 cum
1120 583 1317 648 exigua
1354 599 1516 631 manu
1557 583 1655 632 Ge-

190 665 351 695 nuam
380 648 616 708 repetit,
654 665 713 696 eo
740 684 753 705 ‚
804 649 896 714 qui
920 649 1064 696 circa
1090 649 1302 698 Padum
1328 660 1475 708 erat,
1513 668 1660 699 exer-

188 716 302 762 citu
343 712 508 763 Atilii
537 723 590 763 et
629 716 837 764 Manlii
867 715 1094 764 Italiam
1132 710 1453 787 defensurus
1477 717 1659 767 obcurss-

174 779 442 855 sinusque
484 783 666 833 Poeno
700 783 768 831 ab
800 782 1032 846 Alpibus
1065 783 1132 832 de
1161 786 1419 834 cendenti.
1503 787 1659 836 Han-

187 847 339 897 nibal
375 853 622 911 pervenit
659 851 737 899 ad
776 851 943 915 Alpes
979 861 1032 900 et
1131 851 1272 902 allos
1315 853 1391 901 ad
1429 847 1658 926 visenda

186 915 311 963 loca
335 918 663 978 praemittit.
743 927 827 978 33.
864 927 952 985 34.
1001 920 1190 984 Erigit
1226 939 1416 986 agmen
1456 922 1511 969 in
1549 923 1660 984 pri-

187 999 305 1031 mos
335 984 533 1031 montis
564 981 763 1040 clivos,
812 982 1133 1052 conflictans
1158 1005 1272 1036 cum
1311 990 1582 1038 montanis
1605 998 1663 1037 et

188 1051 481 1116 iniquitate
504 1050 757 1100 locorum.
840 1061 924 1114 35.
965 1051 1048 1113 36.
1086 1056 1252 1104 Nono
1278 1057 1366 1102 die
1392 1059 1446 1104 in
1462 1057 1658 1123 jugum

188 1118 303 1190 ejus
341 1117 563 1178 evadit,
624 1128 679 1167 et
718 1117 1033 1184 degreditur
1070 1120 1126 1168 in
1166 1120 1288 1168 vias
1316 1124 1662 1184 praecipites,

189 1183 451 1253 angustas
468 1222 483 1244 ,
532 1185 768 1235 lubricas
787 1222 801 1242 ,
849 1186 1107 1250 praealta
1138 1188 1260 1235 nive
1287 1198 1340 1236 et
1371 1189 1478 1237 levi
1504 1185 1659 1259 infra

187 1252 363 1319 g‘lacie
400 1253 661 1314 obtectas.
764 1264 867 1317 37..
914 1254 1052 1303 Inde
1086 1272 1296 1316 rupem,
1364 1273 1461 1320 pet·
1492 1274 1658 1322 quam

188 1338 351 1370 unam
385 1323 481 1370 via
519 1319 623 1395 «ss,
660 1322 929 1372 torridam
955 1321 1198 1371 incendio
1231 1318 1519 1395 infusoque
1546 1343 1661 1373 ace-⁸

188 1398 251 1439 to
292 1384 702 1462 putrefactam,
761 1391 962 1455 pandit
990 1383 1177 1456 feiro,
1239 1401 1292 1439 et
1327 1391 1545 1439 tandem
1584 1391 1663 1440 ad

185 1455 411 1526 planum
447 1453 737 1530 descendit.
830 1462 916 1520 38.
965 1461 1034 1507 In
1070 1458 1319 1507 Taurinis
1348 1458 1664 1523 degreditur

184 1525 243 1574 in
281 1525 540 1582 Italiam,
598 1527 804 1591 ingenti
838 1542 1054 1576 numero
1094 1527 1364 1574 hominum
1397 1528 1661 1596 jumento-

185 1608 408 1660 rumque
434 1588 639 1666 amiffo.
707 1604 793 1660 39.
838 1594 1052 1658 Scipio,
1090 1611 1249 1659 quum
1283 1587 1447 1666 Pisas
1502 1598 1658 1644 navi'-

184 1657 286 1709 bus
311 1656 530 1742 veniffet
562 1664 955 1727 exercitumque
983 1654 1276 1732 adcepiffet
1301 1678 1336 1708 a
1359 1661 1576 1711 ffIanlio
1604 1672 1662 1711 et·

192 1729 369 1779 Atilio
403 1739 631 1779 tironem
649 1765 664 1787 ‚
714 1727 951 1793 obcupat
978 1726 1195 1776 Padum
1234 1729 1483 1797 trajicere
1508 1739 1561 1778 et
1582 1730 1664 1778 ad

196 1796 438 1846 Ticinum
464 1813 671 1846 amnem
699 1804 881 1845 movet
905 1793 1101 1872 casira,
1138 1794 1230 1842 ubi
1246 1797 1510 1846 exercitus
1525 1797 1662 1846 Poe-

185 1880 378 1913 norum
425 1867 902 1929 Romanorumque
922 1879 1046 1934 Jam
1094 1863 1150 1911 in
1198 1858 1481 1934 conspectu
1501 1861 1660 1937 sunt.

100 1966 108 1981 .
186 1940 276 1997 40.
300 1941 387 2000 41.
427 1932 777 1982 Adhortatur
801 1929 998 1979 milites
1009 1925 1162 2002 suos.
1215 1934 1304 1998 ,42
1322 1941 1484 1999 -44,
1509 1933 1663 1981 Idem

97 2017 104 2023 ·
173 1998 339 2073 facit
369 1997 686 2057 Hannibal,
733 1997 880 2048 edito
915 1998 1070 2065 prius
1097 2000 1387 2050 certamine
1416 2001 1660 2066 captivo-

181 2085 300 2117 rum
329 2078 726 2118 montanorum.

328 2167 418 2225 45.
475 2159 657 2223 Scipio
699 2158 936 2210 Ticinum
975 2164 1143 2219 ponte
1180 2156 1428 2228 trajicit,
1478 2167 1531 2207 et
1555 2174 1663 2207 non

192 2225 353 2290 longe
387 2243 424 2274 a
455 2225 784 2277 Victumulis
817 2220 1054 2295 considet
1083 2225 1139 2273 in
1172 2241 1306 2289 agro
1337 2218 1660 2296 Insubrium,

189 2289 288 2342 ubi
311 2292 598 2343 Hannibal
631 2290 809 2362 casiia
843 2292 1037 2350 habet,
1090 2301 1144 2341 et
1166 2294 1410 2356 praemia
1418 2286 1542 2364 suis
1566 2292 1660 2363 ju·

187 2369 347 2410 ratus
366 2364 725 2426 pronuntiat.>
784 2362 872 2430 46.
909 2359 1182 2425 Prodigia>
1208 2360 1264 2409 in
1287 2379 1351 2409 ca
1377 2362 1474 2412 cris
1493 2362 1657 2410 Rom.

185 2437 244 2478 et
270 2445 458 2494 pugna
484 2428 735 2499 equestris
758 2428 837 2478 ad
876 2428 1140 2484 Ticinum,
1190 2429 1246 2492 in
1275 2446 1397 2496 qua¹
1403 2422 1663 2500 superior

188 2493 266 2613 {fi
299 2496 615 2556 Hannibal,
676 2509 730 2547 et
776 2496 960 2563 Scipio
1002 2495 1320 2545 vulneratus
1359 2489 1660 2567 intercursu

221 2576 307 2616 um
327 2565 558 2629 primum
589 2560 922 2636 pubescentis
969 2558 1341 2641 'liiservatun
1403 2563 1507 2630 47.
1543 2565 1658 2613 Ro-

194 2633 361 2697 mani„
388 2632 723 2688 cis..Padum
767 2649 917 2697 regre
959 2642 1189 2690 cuntur,
1234 2642 1300 2692 ,et
1339 2632 1662 2696 perveniunt?

190 2699 531 2754 Placentiam
544 2721 566 2762 ,·
602 2719 707 2770 quo
731 2711 785 2752 et
802 2697 975 2752 Poeni
990 2699 1336 2752 contendunt.
1407 2703 1495 2766 [13.
1531 2687 1665 2815 (fag-J

1639 2779 1659 2813 ι
