1800 3034
185 58 256 112 40
359 57 576 98 mvn
613 56 857 97 mmm
893 56 1060 99 21:³11.⁴
1097 58 1264 108 car.
1302 45 1386 99 51.
1417 45 1505 98 52.

195 214 342 251 rere.
449 193 682 263 Quartis
730 193 920 246 castris
977 195 1047 247 ad
1086 195 1339 249 Insulam
1388 192 1669 264 pervenit.

202 264 289 315 Ibi
328 263 472 316 [sara
500 261 924 332 Rhodanusque
952 267 1146 316 amnes
1165 302 1179 326 ‚
1219 262 1447 314 divertis
1474 280 1543 314 ex
1561 262 1672 315 Al-

167 358 169 360 ·
201 331 370 402 pibus
401 330 763 382 decurrentes
783 355 810 394 ‚⁴
847 331 970 396 agri
1004 330 1357 399 aliquantum
1399 328 1672 398 amplexi,

209 398 503 451 confluunt
527 397 587 449 in
621 415 833 450 unum:
877 397 1010 450 inde
1034 397 1238 449 mediis
1269 397 1484 467 campis
1510 395 1674 448 Insu-

203 463 294 517 lae
347 483 554 518 nomen
602 463 865 518 inditum.
959 465 1226 529 Incolunt
1270 482 1454 535 prope
1494 461 1667 516 Allo·
1724 492 1727 495 ·

206 532 430 601 broges,
466 548 602 599 gens
623 533 730 600 jam
763 531 896 585 inde
921 532 1080 586 nulla
1106 531 1328 585 Gallica
1352 541 1518 599 gente
1545 549 1577 582 o
1623 530 1676 581 i·

208 600 311 653 bus
340 607 434 651 aut
466 600 618 651 fama
653 597 922 651 inferior÷
961 608 1081 654 tum
1106 598 1317 651 discors
1345 608 1483 651 erat.
1555 547 1677 651 ffe-

210 670 308 736 gni
343 667 652 719 certamine
683 666 1038 734 ambigebant
1070 665 1292 719 fratres.
1363 666 1584 733 Major,
1613 674 1677 728 et

212 736 309 805 qui
334 734 491 806 prius
527 732 913 806 imperitarat‚
956 734 1211 788 Braneus
1240 733 1475 787 nomine
1495 773 1511 798 ,
1561 731 1678 785 mi-

209 820 353 855 nore
400 801 481 853 ab.
507 800 685 853 fratre
734 809 788 852 et
831 810 996 856 coetu
1035 801 1362 869 juniorum,
1416 801 1512 870 qui
1552 801 1679 868 jure

212 871 437 934 minus,
486 874 543 921 vi
571 870 700 940 plus
725 877 1021 938 poterant,
1067 869 1398 940 pellebatur.
1486 868 1680 936 Hujus

213 935 503 990 seditionis
538 935 979 1006 perobportunas
1011 935 1344 1006 disceptatio
1393 953 1571 1005 quum
1610 933 1682 986 ad

212 1003 597 1057 Hannibalem
646 1005 851 1066 rejecta
900 1003 1061 1066 ciret,
1135 1002 1346 1056 arbiter
1386 1004 1549 1070 regni
1592 1001 1686 1054 fa-

213 1082 364 1137 ctm,
412 1071 559 1140 quod
583 1089 664 1130 ea,
685 1072 906 1122 senatus
942 1071 1385 1142 principumque
1413 1069 1685 1122 sententia

212 1137 427 1202 fuerat,
466 1139 777 1211 imperium
802 1138 1004 1204 majori
1035 1138 1283 1193 restituit.
1356 1137 1447 1191 Ob
1471 1137 1527 1188 id
1557 1155 1684 1188 me—

212 1207 392 1260 ritum
450 1214 771 1259 commeatu
811 1205 1087 1274 copiaque
1139 1223 1336 1258 rerum
1391 1205 1686 1269 omniurn,

213 1275 468 1327 maxime
493 1272 685 1336 vesti5‚
722 1273 794 1322 est
821 1273 1077 1340 adjutuS,
1113 1291 1282 1344 quam
1308 1273 1550 1324 infames
1577 1270 1688 1323 fri-

116 1386 125 1398 ,
216 1341 450 1410 goribus
491 1340 674 1412 Alpes
719 1342 1057 1412 praeparari
1101 1340 1389 1410 cogebant.
1472 1339 1688 1392 Sedatis

216 1407 620 1462 certaminibus
654 1406 1073 1476 Allobrogum,
1127 1426 1305 1476 quum
1349 1409 1464 1474 jam
1505 1407 1684 1476 Alpes

215 1486 472 1546 peteret,
521 1493 637 1527 non
672 1485 825 1528 recta
859 1476 1093 1544 regione
1131 1477 1240 1529 iter
1279 1475 1547 1538 instituit,
1595 1474 1689 1526 sed

218 1542 288 1594 ad
324 1543 546 1614 laevam
577 1543 640 1595 in
663 1543 1009 1596 Tricastinos
1039 1542 1229 1598 flexit:
1276 1542 1411 1595 inde
1446 1559 1551 1612 per
1585 1559 1692 1594 ex-

217 1618 461 1663 tremam
511 1628 673 1664 oram
724 1610 1141 1664 Vocontiorum
1182 1612 1305 1676 agri
1354 1607 1592 1662 tetendit
1631 1612 1693 1662 in

220 1677 545 1732 Tricorios:
598 1676 747 1730 haud
778 1695 1015 1746 usquam
1046 1676 1302 1750 inpedita
1337 1679 1425 1729 via
1446 1715 1460 1740 ‚
1496 1676 1693 1747 prius-

221 1763 392 1814 quam
430 1746 501 1797 ad
540 1746 885 1799 Druentiam
928 1744 1145 1799 flumen
1181 1749 1463 1814 pervenit.
1546 1743 1600 1794 Is
1639 1753 1695 1795 et

220 1815 338 1885 ipse
365 1813 616 1885 Alpinus
646 1813 830 1864 amnis
857 1811 1028 1880 longe
1053 1814 1313 1865 omnium
1330 1810 1552 1864 Galliae
1581 1808 1694 1862 flu-

146 1903 156 1910 ·
220 1881 445 1934 minum
485 1879 852 1936 difficillimus
892 1881 1133 1931 transitu
1167 1879 1256 1931 est.
1326 1879 1480 1932 Nam
1517 1895 1694 1947 quum

222 1966 399 2017 aquae
434 1948 556 2002 vim
596 1945 767 2000 vehat
813 1946 1142 2014 ingentem,
1202 1966 1319 1999 non
1356 1956 1549 1999 tamen
1588 1963 1695 1996 na-

222 2021 385 2069 vium
421 2017 642 2086 patiens
688 2014 787 2068 est:
846 2017 978 2087 quia
1015 2014 1188 2069 nullis
1225 2018 1502 2067 coercitus
1533 2012 1696 2084 ripis,

226 2082 489 2157 pluribus
524 2081 718 2148 simul,
786 2099 968 2152 neque
1019 2082 1223 2136 iisdem
1266 2079 1441 2135 alveis
1483 2079 1697 2138 fluens,

226 2167 377 2214 nova
419 2152 642 2222 semper
680 2148 822 2204 vada
862 2166 1151 2221 novosque
1188 2151 1467 2220 gurgiteS,
1515 2147 1601 2216 (et
1628 2147 1699 2199 ob

229 2218 428 2271 eadem
469 2217 646 2290 pediti
678 2234 902 2286 quoque
936 2217 1156 2273 incerta
1186 2218 1279 2270 via
1309 2217 1411 2285 est)
1451 2214 1521 2270 ad
1558 2214 1698 2267 haec

228 2286 364 2343 [axa
381 2286 635 2355 glareosa
659 2285 939 2349 volvens,
978 2284 1125 2338 nihil
1153 2285 1342 2338 stabile
1377 2302 1480 2336 nec
1512 2290 1697 2345 tutum

230 2352 574 2419 ingredienti
612 2351 877 2425 praebet3
925 2362 981 2405 et
1020 2361 1140 2406 tum
1163 2393 1178 2418 ‚
1235 2352 1386 2406 forte
1419 2349 1701 2405 imbribus

231 2430 427 2473 auctus
447 2461 462 2486 ‚
496 2422 786 2491 ingentem
820 2420 1363 2489 transgredientibus
1389 2429 1503 2470 tum
1516 2417 1699 2468 ultum

229 2485 398 2549 fecit,
450 2507 623 2558 quum
657 2491 713 2540 su
761 2505 823 2539 er
855 2495 1039 2539 cetera
1074 2494 1159 2541 tre
1205 2486 1450 2541 idatione
1474 2484 1575 2557 ipfi
1606 2485 1702 2538 sua.

236 2563 400 2625 atque.
430 2555 659 2626 incertis
687 2505 1030 2609 clamoribus
1070 2507 1451 2610 turbarentur.

373 2622 635 2678 XXXII.
685 2625 747 2677 Ρ.
783 2622 1085 2677 Cornelius
1131 2622 1320 2677 consul
1354 2621 1544 2674 triduo
1580 2617 1702 2671 fere

234 2690 386 2762 post,
423 2707 592 2763 quam
622 2689 915 2745 Hannibal
947 2691 1015 2765 ab
1045 2694 1172 2767 ripa
1206 2689 1474 2747 Rhodani
1503 2683 1705 2749 movit,

540 2779 547 2786 ·
1566 2770 1709 2824 qua-
