1800 3034
250 44 326 101 ,70
431 46 644 87 L1v11
683 44 922 84 Luna
961 45 1096 84 xx1.
1168 45 1328 86 cAP.
1361 33 1445 88 58.
1473 34 1559 106 59.

257 185 483 239 Postero
510 184 628 247 die,
668 181 950 238 deditione
985 182 1158 254 facta,
1204 184 1543 255 praesidium
1570 185 1724 240 intra

255 252 487 304 moenia
520 251 822 322 adcepere':
858 251 1088 319 jussique
1110 269 1271 304 arma
1294 252 1517 304 tradere
1544 273 1718 324 quum

256 318 404 371 dicto
449 319 784 388 paruissent,
850 319 1065 386 signum
1116 327 1349 388 repente
1412 321 1721 372 victoribus

257 386 455 452 datur,
502 394 564 436 ut
602 395 887 452 tamquam
923 385 979 435 vi
1011 394 1234 455 captam
1264 386 1463 438 urbem
1506 386 1722 457 diripe-

256 463 401 507 rent.
473 454 676 521 Neque
714 451 857 510 ulla,
907 469 1046 519 quae
1073 459 1133 505 in
1158 453 1258 504 tali
1282 471 1345 505 re
1376 454 1729 506 memorabi-.

253 519 324 572 lis
356 519 723 571 scribentibus
751 518 937 571 videri
981 518 1146 583 solet,
1191 521 1579 589 praetermissa
1605 521 1725 571 cla-

255 586 350 638 des
384 587 485 637 est:
546 586 684 638 adeo
727 588 913 640 omnis
961 585 1210 638 libidinis
1267 586 1723 656 crudelitatisque

255 662 308 704 et
340 653 685 706 inhumanae
727 653 1019 724 superbiae
1050 653 1262 708 editum
1299 658 1359 706 in
1388 655 1620 707 miseros
1651 655 1725 706 est

254 721 603 790 exemplum.
672 722 801 774 Hae
838 720 999 774 fuere
1028 720 1301 776 hibernae
1334 721 1726 794 expeditiones

255 787 639 851 Hannibalis,
1750 804 1758 828 f

389 848 604 909 LVIII.
680 855 852 907 Haud
901 856 1088 925 longis
1146 855 1280 909 inde
1337 856 1727 928 temporibus,

254 921 391 993 dum
434 923 818 976 intolerabilia
856 924 1074 992 frigora
1110 934 1306 990 erant,
1359 927 1515 993 quies
1555 924 1730 978 militi

252 989 381 1042 data
409 990 509 1042 est:
550 1001 602 1041 et
634 990 703 1041 ad
726 990 918 1060 prima
947 1009 1009 1042 ac
1036 990 1207 1044 dubia
1237 994 1389 1060 signa
1412 991 1560 1043 veris
1585 1009 1730 1062 pro-

252 1056 435 1110 fectus
470 1076 542 1109 ex
575 1054 863 1121 hibernis,
924 1059 986 1110 in
1016 1058 1310 1118 Etruriam
1350 1057 1537 1122 ducit,
1602 1076 1729 1113 eam

252 1142 477 1194 quoque
506 1133 765 1193 gentem,
812 1127 948 1177 ficut
973 1126 1171 1177 Gallos
1207 1126 1596 1195 Liguresque,
1634 1135 1730 1178 aut

249 1191 314 1243 vi
356 1202 452 1243 aut
492 1192 784 1244 voluntate
828 1192 1218 1260 adjuncturus,
1306 1195 1728 1247 Transeuntem

249 1258 632 1329 Apenninum
674 1258 812 1310 adeo
856 1269 1024 1311 atrox
1063 1259 1256 1311 adorta
1299 1260 1592 1329 tempestas
1638 1261 1732 1324 est,

251 1335 317 1376 ut
347 1324 593 1395 Alpium
609 1325 937 1378 foeditatem
953 1332 1137 1396 prope
1157 1325 1522 1397 superaverit.
1567 1327 1731 1379 Ven-

249 1402 309 1446 to
354 1393 569 1445 mixtus
614 1392 800 1444 imber
844 1394 1404 1463 quun1·serretu1·in
1448 1394 1567 1464 ipsa
1609 1412 1729 1458 ora,
1769 1442 1771 1446 ,

250 1461 444 1531 primo
464 1501 479 1527 ‚
542 1461 674 1530 quia
709 1470 806 1512 aut
839 1479 1000 1512 arma
1028 1460 1348 1528 „omittenda
1376 1470 1568 1525 erant,
1632 1471 1728 1514 aut

252 1535 453 1579 contra
486 1531 764 1581 enitentes
802 1530 1018 1580 vortice
1060 1524 1262 1581 intorti
1299 1528 1730 1596 adfligebantur‚

251 1594 582 1660 constitere:
622 1592 755 1646 dein
771 1634 797 1660 ,
828 1613 1002 1664 quum
1032 1595 1148 1663 jam
1184 1595 1447 1666 spiritum
1472 1595 1734 1648 include-

250 1671 371 1728 ret,
408 1680 513 1714 nec
549 1661 910 1732 reciprocare
943 1664 1197 1723 animam
1227 1665 1458 1726 sineret,
1497 1665 1672 1714 aversi
1699 1682 1734 1713 a

250 1738 424 1790 vento
450 1748 766 1800 parumper
784 1729 1106 1782 consedere.
1178 1730 1333 1782 Tum
1353 1747 1490 1780 vero
1516 1731 1735 1798 ingenti

250 1797 392 1848 sono
418 1797 643 1849 coelum
669 1797 923 1869 strepere
936 1800 973 1862 ,”
991 1806 1059 1848 et
1082 1797 1232 1848 inter
1255 1795 1578 1850 horrendos
1606 1796 1731 1848 fra-
1797 1850 1799 1852 ,

251 1880 419 1932 gores
458 1864 682 1915 mica-rer
714 1865 891 1931 ignes·
984 1862 1150 1935 Capti
1189 1863 1419 1916 auribus
1458 1873 1513 1915 et
1550 1864 1729 1916 oculis

237 1926 408 1982 'metu
440 1936 638 1982 omnes
668 1939 918 2001 torpere.
993 1930 1284 1992 Tandem,
1324 1931 1496 1983 effuso
1529 1931 1731 1997 imbre,

251 2014 432 2065 quum
471 2015 537 2050 eo
578 1998 760 2065 magis
806 1998 1042 2050 adcensa
1086 1999 1173 2050 vis
1207 1999 1363 2051 venti
1400 1999 1556 2063 effe‘t,
1607 1999 1731 2069 ipso

249 2064 354 2119 illo
376 2105 391 2130 ,
431 2083 542 2134 quo
571 2063 903 2136 deprehensi
934 2075 1123 2136 erant,
1162 2065 1289 2119 loco
1317 2066 1490 2119 castra
1514 2084 1732 2137 ponere

250 2132 624 2184 necessarium
664 2131 849 2196 visum
889 2134 979 2184 est.
1076 2132 1140 2186 ld
1172 2151 1309 2185 vero
1339 2133 1548 2187 laboris
1574 2133 1733 2188 velut

254 2194 323 2250 de
358 2199 583 2266 integro
627 2199 858 2263 initi-um
902 2202 1028 2255 suit.
1115 2202 1269 2256 Nam
1305 2220 1409 2253 nec
1442 2201 1730 2272 explicare

248 2266 598 2385 Fuidquam,
650 2285 753 2318 uec
792 2269 1029 2320 statuere
1066 2277 1359 2340 poterant3
1407 2287 1545 2333 nec,
1580 2266 1730 2336 quod

274 2343 512 2406 tatutum
549 2335 708 2398 esset,
761 2336 1055 2402 manebat,
1109 2337 1303 2388 omnia
1333 2334 1725 2406 perscindente

247 2410 421 2452 vento
458 2411 512 2453 et
542 2401 816 2472 rapiente.
885 2405 962 2456 Et
986 2422 1126 2459 mox
1154 2421 1299 2472 aqua
1324 2406 1508 2456 levata
1534 2411 1724 2465 vente,

251 2480 431 2536 quum
466 2470 633 2538 super
662 2470 848 2536 gelida
880 2471 1166 2524 montium
1193 2476 1322 2539 juga
1349 2480 1611 2523 concreta
1639 2470 1728 2519 es·-

222 2543 226 2546 “
249 2539 346 2600 set,
372 2545 595 2590 tantum
621 2538 845 2588 nivosae
866 2538 1159 2607 grandinis
1187 2537 1402 2606 dejecit,
1429 2547 1508 2603 ut,
1537 2537 1727 2588 omni-

249 2603 355 2655 bus
400 2603 647 2666 omissis,
699 2607 1146 2675 procumberent
1177 2605 1470 2670 homines,
1520 2603 1739 2677 tegmi7

250 2669 420 2726 nibus
461 2671 571 2725 suis
604 2671 785 2744 inagis
831 2673 1054 2741 obruti,
1094 2690 1260 2746 quam
1292 2673 1442 2731 tecti.
1513 2673 1732 2728 Tanta,

1622 2755 1727 2809 que
